% @Comment -*- bibtex-dialect: biblatex; default-input-method: TeX; -*-

@Book {CookCPS98a,
  author     = {Cook, William J. and Cunningham, William H. and
                Pulleyblank, William R. and Schrijver, Alexander},
  title      = {Combinatorial optimization},
  year       = {1998},
  series     = {Wiley-Interscience Series in Discrete Mathematics and
                Optimization},
  note       = {A Wiley-Interscience Publication},
  publisher  = {John Wiley \& Sons, Inc., New York},
  isbn       = {0-471-55894-X},
  pages      = {x+355},
  mrclass    = {90C27 (90-02 90C35)},
  mrnumber   = {1490579},
  mrreviewer = {Ulrich Faigle},
}
